<?xml version="1.0" encoding="UTF-8"?><collection xmlns="http://www.loc.gov/MARC21/slim"><record><leader>00542nam--2200169-i-4500</leader><controlfield tag="001">000025959</controlfield><controlfield tag="002">20161230</controlfield><controlfield tag="005">20161230201036</controlfield><controlfield tag="008">060222s1000------------r-----000-0-eng-d</controlfield><datafield ind1=" " ind2=" " tag="040"><subfield code="a">IFIN-HH</subfield></datafield><datafield ind1=" " ind2=" " tag="080"><subfield code="a">52(061.3)</subfield></datafield><datafield ind1="1" ind2=" " tag="100"><subfield code="a">Kallmann Bijl, Hilde</subfield></datafield><datafield ind1="1" ind2="0" tag="245"><subfield code="a">Space research</subfield><subfield code="b">Proceedings of the first international space science symposium nice, january 11-16, 1960</subfield><subfield code="c">Hilde kallmann bijl (ed.)</subfield></datafield><datafield ind1=" " ind2=" " tag="260"><subfield code="a">Amsterdam</subfield><subfield code="b">North-holland Pubishing Company</subfield><subfield code="c">1960</subfield></datafield><datafield ind1=" " ind2=" " tag="300"><subfield code="a">XVI + 1195P</subfield></datafield><datafield ind1=" " ind2=" " tag="852"><subfield code="a">16011</subfield><subfield code="c">521</subfield></datafield><datafield ind1=" " ind2=" " tag="CAT"><subfield code="a">Sys</subfield><subfield code="c">20130826</subfield><subfield code="h">114807</subfield></datafield></record></collection>